<?xml version="1.0" encoding="UTF-8" ?><marc:collection xmlns:marc="http://www.loc.gov/MARC21/slim" xmlns:xsi="http://www.w3.org/2001/XMLSchema-instance" xsi:schemaLocation="http://www.loc.gov/MARC21/slim http://www.loc.gov/standards/marcxml/schema/MARC21slim.xsd">
<marc:record><marc:leader>02907cam a2200529Ii 4500</marc:leader>
<marc:controlfield tag="001">b12216355</marc:controlfield>
<marc:controlfield tag="003">UaCaAUL</marc:controlfield><marc:controlfield tag="005">20190225122040.0</marc:controlfield><marc:controlfield tag="008">830721s1895    le       b    001 0 araod</marc:controlfield><marc:datafield tag="035" ind1=" " ind2=" "><marc:subfield code="a">(OCoLC)9724166</marc:subfield><marc:subfield code="z">(OCoLC)181661329</marc:subfield></marc:datafield><marc:datafield tag="040" ind1=" " ind2=" "><marc:subfield code="a">IXA</marc:subfield><marc:subfield code="b">eng</marc:subfield><marc:subfield code="e">rda</marc:subfield><marc:subfield code="c">IXA</marc:subfield><marc:subfield code="d">OCLCQ</marc:subfield><marc:subfield code="d">OCLCG</marc:subfield><marc:subfield code="d">CUY</marc:subfield><marc:subfield code="d">QCL</marc:subfield><marc:subfield code="d">KRTAS</marc:subfield><marc:subfield code="d">YYP</marc:subfield><marc:subfield code="d">OCLCQ</marc:subfield><marc:subfield code="d">OCLCO</marc:subfield><marc:subfield code="d">OCLCQ</marc:subfield><marc:subfield code="d">OCLCF</marc:subfield><marc:subfield code="d">OCLCO</marc:subfield><marc:subfield code="d">OCLCQ</marc:subfield><marc:subfield code="d">DHA</marc:subfield><marc:subfield code="d">MEAUC</marc:subfield></marc:datafield><marc:datafield tag="041" ind1="0" ind2=" "><marc:subfield code="a">ara</marc:subfield><marc:subfield code="b">fre</marc:subfield></marc:datafield><marc:datafield tag="049" ind1=" " ind2=" "><marc:subfield code="a">MAIN</marc:subfield></marc:datafield><marc:datafield tag="050" ind1=" " ind2="4"><marc:subfield code="a">PJ6161</marc:subfield><marc:subfield code="b">.I26</marc:subfield></marc:datafield><marc:datafield tag="066" ind1=" " ind2=" "><marc:subfield code="c">(3</marc:subfield></marc:datafield><marc:datafield tag="084" ind1=" " ind2=" "><marc:subfield code="a">PK 3997/19</marc:subfield></marc:datafield><marc:datafield tag="090" ind1=" " ind2=" "><marc:subfield code="a">PJ6190</marc:subfield><marc:subfield code="b">.I2 1895</marc:subfield></marc:datafield><marc:datafield tag="100" ind1="0" ind2=" "><marc:subfield code="6">880-01</marc:subfield><marc:subfield code="a">Ibn al-Sikkīt,</marc:subfield><marc:subfield code="d">-857 or 858,</marc:subfield><marc:subfield code="e">auhtor.</marc:subfield></marc:datafield><marc:datafield tag="245" ind1="1" ind2="0"><marc:subfield code="6">880-02</marc:subfield><marc:subfield code="a">Kanz al-ḥuffāẓ fī kitāb Tahdhīb al-alfāẓ /</marc:subfield><marc:subfield code="c">li-Abī Yūsuf Yaʻqūb ibn Isḥāq al-Sikkīt ; hadhdhabahu al-shaykh Abū Zakarīyā Yaḥyá ibn ʻAlī al-Khaṭīb al-Tibrīzī, naqlan ʻan nuskhatay Laydin wa-Bārīs ; waqafa ʻalá ṭabʻihi wa-ḍabṭihi wa-jamʻ riwāyātihi al-abb Luwīs Shīkhū al-Yasūʻī.</marc:subfield></marc:datafield><marc:datafield tag="246" ind1="1" ind2=" "><marc:subfield code="i">Added title page in French:</marc:subfield><marc:subfield code="a">La Critique du Langage.</marc:subfield></marc:datafield><marc:datafield tag="246" ind1="3" ind2="3"><marc:subfield code="6">880-03</marc:subfield><marc:subfield code="a">Kitāb al-alfāẓ.</marc:subfield></marc:datafield><marc:datafield tag="246" ind1="3" ind2="3"><marc:subfield code="6">880-04</marc:subfield><marc:subfield code="a">Tahdhīb al-alfāẓ.</marc:subfield></marc:datafield><marc:datafield tag="246" ind1="3" ind2="3"><marc:subfield code="6">880-08</marc:subfield><marc:subfield code="a">Kitāb Tahdhīb al-alfāẓ.</marc:subfield></marc:datafield><marc:datafield tag="264" ind1=" " ind2="1"><marc:subfield code="6">880-05</marc:subfield><marc:subfield code="a">Bayrūt :</marc:subfield><marc:subfield code="b">Al-Maṭbaʻah al-Kāthūlīkīyah lil-Abāʼ al-Yasūʻīyīn,</marc:subfield><marc:subfield code="c">1895.</marc:subfield></marc:datafield><marc:datafield tag="300" ind1=" " ind2=" "><marc:subfield code="a">15, 940, iv pages ;</marc:subfield><marc:subfield code="c">25 cm.</marc:subfield></marc:datafield><marc:datafield tag="336" ind1=" " ind2=" "><marc:subfield code="a">text</marc:subfield><marc:subfield code="b">txt</marc:subfield><marc:subfield code="2">rdacontent.</marc:subfield></marc:datafield><marc:datafield tag="337" ind1=" " ind2=" "><marc:subfield code="a">unmediated</marc:subfield><marc:subfield code="b">n</marc:subfield><marc:subfield code="2">rdamedia.</marc:subfield></marc:datafield><marc:datafield tag="338" ind1=" " ind2=" "><marc:subfield code="a">volume</marc:subfield><marc:subfield code="b">nc</marc:subfield><marc:subfield code="2">rdacarrier.</marc:subfield></marc:datafield><marc:datafield tag="500" ind1=" " ind2=" "><marc:subfield code="a">Includes errata pages.</marc:subfield></marc:datafield><marc:datafield tag="504" ind1=" " ind2=" "><marc:subfield code="a">Includes bibliographical references and indexes.</marc:subfield></marc:datafield><marc:datafield tag="546" ind1=" " ind2=" "><marc:subfield code="a">Preface in French. </marc:subfield></marc:datafield><marc:datafield tag="650" ind1=" " ind2="0"><marc:subfield code="a">Arabic language</marc:subfield><marc:subfield code="v">Terms and phrases.</marc:subfield></marc:datafield><marc:datafield tag="650" ind1=" " ind2="0"><marc:subfield code="a">Arabic language</marc:subfield><marc:subfield code="x">Synonyms and antonyms.</marc:subfield></marc:datafield><marc:datafield tag="700" ind1="1" ind2=" "><marc:subfield code="6">880-06</marc:subfield><marc:subfield code="a">Cheikho, Louis,</marc:subfield><marc:subfield code="d">1859-1927.</marc:subfield></marc:datafield><marc:datafield tag="700" ind1="1" ind2=" "><marc:subfield code="6">880-07</marc:subfield><marc:subfield code="a">Tibrīzī, Yaḥyá ibn ʻAlī,</marc:subfield><marc:subfield code="d">-1109.</marc:subfield><marc:subfield code="t">Tahdhīb al-alfāẓ.</marc:subfield></marc:datafield><marc:datafield tag="880" ind1="1" ind2="0"><marc:subfield code="6">245-02/(3/r</marc:subfield><marc:subfield code="a">كنز الحفاظ في كتاب تهذيب الألفاظ /‪</marc:subfield><marc:subfield code="c">لأبي يوسف يعقوب بن اسحاق السكيت ؛ هذبه الشيخ أبو زكريا يحيى بن علي الخطيب التبريزي، نقلًا عن نسختي ليدن وباريس ؛ وقف على طبعه وضبطه وجمع رواياته الأب لويس شيخو اليسوعي..</marc:subfield></marc:datafield><marc:datafield tag="880" ind1="1" ind2=" "><marc:subfield code="6">100-01/(3/r</marc:subfield><marc:subfield code="a">ابن السكيت،،‪</marc:subfield><marc:subfield code="d">8 أو 857 .d.</marc:subfield></marc:datafield><marc:datafield tag="880" ind1="3" ind2="3"><marc:subfield code="6">246-03/(3/r</marc:subfield><marc:subfield code="a">كتاب الألفاظ..</marc:subfield></marc:datafield><marc:datafield tag="880" ind1="3" ind2="3"><marc:subfield code="6">246-04/(3/r</marc:subfield><marc:subfield code="a">تهذيب الألفاظ.</marc:subfield></marc:datafield><marc:datafield tag="880" ind1="3" ind2="3"><marc:subfield code="6">246-08/(3/r</marc:subfield><marc:subfield code="a">كتاب تهذيب الألفاظ.</marc:subfield></marc:datafield><marc:datafield tag="880" ind1=" " ind2="1"><marc:subfield code="6">264-05/(3/r</marc:subfield><marc:subfield code="a">بيروت :‪</marc:subfield><marc:subfield code="b">المطبعة الكاثوليكية للآباء اليسوعيين،‪</marc:subfield><marc:subfield code="c">1895.</marc:subfield></marc:datafield><marc:datafield tag="880" ind1="1" ind2=" "><marc:subfield code="6">700-06/(3/r</marc:subfield><marc:subfield code="a">شيخو، لويس،،‪</marc:subfield><marc:subfield code="d">1927-1859.</marc:subfield></marc:datafield><marc:datafield tag="880" ind1="1" ind2=" "><marc:subfield code="6">700-07/(3/r</marc:subfield><marc:subfield code="a">تبريزي، يحيى بن علي،‪</marc:subfield><marc:subfield code="d">1109.</marc:subfield><marc:subfield code="t">تهذيب الألفاظ..</marc:subfield></marc:datafield><marc:datafield tag="907" ind1=" " ind2=" "><marc:subfield code="a">.b12216355</marc:subfield><marc:subfield code="b">multi</marc:subfield></marc:datafield><marc:datafield tag="902" ind1=" " ind2=" "><marc:subfield code="a">191117</marc:subfield></marc:datafield><marc:datafield tag="998" ind1=" " ind2=" "><marc:subfield code="b">2</marc:subfield><marc:subfield code="c">990314</marc:subfield><marc:subfield code="d">m</marc:subfield><marc:subfield code="e">~</marc:subfield><marc:subfield code="f">-</marc:subfield><marc:subfield code="g">0</marc:subfield><marc:subfield code="k">USA</marc:subfield></marc:datafield><marc:datafield tag="945" ind1=" " ind2=" "><marc:subfield code="l">main </marc:subfield></marc:datafield></marc:record>
</marc:collection>
